@online{toonrts,
  author = {Polygon Blacksmith},
  title = {Toon RTS Units},
  url = {https://assetstore.unity.com/packages/3d/characters/toon-rts-units-67948}
}

@software{uniBT,
  author = {Naohiro Yoshida},
  month = {12},
  title = {Behavior Tree designer for Unity},
  url = {https://github.com/yoshidan/UniBT},
  version = {0.0.3},
  year = {2021}
}
